-11474335917645763745603736299769216721442973525073622816460175626066981988390656069964419
-029153762555120378940440623713404069284109778846506679813421247422
334520064820733899240984742040371018371276719475571089460049667574425417597469317734710493110851045139594530669333839818849683129287358533934810135477818
